@misc{combatnoise,
	title = {Combating Urban Noise},
  author = {William Echikson},
	url = {https://newcities.org/blog-combating-urban-noise-echikson/},  
	urldate = {2019-03-11}
}



@book{transfer,
  address="Livery Place 35 Livery Street Birmingham B3 2PB, UK",
	Title = "Hands-On Transfer Learning with Python",
	Isbn = "978-1-78883-130-7",
	Author = "Dipanjan Sarkar, Raghav Bali, Tamoghna Ghosh",
	Publisher = "Packt Publishing Ltd.",
	Year = "2018"
}

@misc{librosa,
	title = "LibROSA is a python package for music and audio analysis",
	url = {https://librosa.github.io/librosa/},
	author = {Librosa Open Source},
	urldate = {2019-07-14}
}

@misc{audiosignal,
	title = "A COMPARISON ON AUDIO SIGNAL PREPROCESSING METHODS FOR DEEP NEURALNETWORKS ON MUSIC TAGGING",
	url = {https://www.researchgate.net/publication/319534366_A_Comparison_on_Audio_Signal_Preprocessing_Methods_for_Deep_Neural_Networks_on_Music_Tagging},
	author = {Keunwoo Choi, Gyorgy Fazekas, Mark Sandler},
	urldate = {2017-09-06}
}

@misc{mfccmodel,
	title = "AUTOREGRESSIVE MFCC MODELS FOR GENRE CLASSIFICATIONIMPROVED BY HARMONIC- PERCUSSION SEPARATION",
	url = {https://www.researchgate.net/publication/220723615_Autoregressive_MFCC_Models_for_Genre_Classification_Improved_by_Harmonic-percussion_Separation},
	author = {Halfdan Rump, Shigeki Miyabe, Emiru Tsunoo},
	urldate = {2010-01-30}
}
