@misc{kasi,
	title = {About KASI},
  author = {KASI Insights},
	url = {https://www.kasiinsight.com/about},  
	urldate = {2019-07-11}
}

@misc{smote,
	title = {Imbalanced-learn},
	url = {https://imbalanced-learn.readthedocs.io/en/stable/over_sampling.html},
	urldate = {2019-02-18}
}

@book{mining,
	Address = "225 Wyman Street, Waltham, MA 02451, USA",
	Title = "Data Mining. Concepts and Techniques",
	Isbn = "978-0-12-381479-1",
	Shorttitle = "Data Mining",
	Author = "Jiawei Han, Micheline Kamber, Jian Pei",
	Publisher = "The Morgan Kaufmann Series in Data Management Systems",
	Year = "2012"
}